@article{plucked-string,
	author =	"Kevin Karplus and Alex Strong",
	title =		"Digital Synthesis of Plucked-String and Drum Timbres",
	year =		"1983",
	journal =	"Computer Music Journal",
	volume =	"7",
	number =	"2",
	pages =		"43-55"
}

@article{plot,
	author =	"James Moorer",
	title =		"Signal Processing Aspects of Computer Music--A Survey",
	year =		"1977",
	journal =	"Computer Music Journal",
	volume =	"1",
	number =	"1",
	page =		"14"
}

@article{plucked-string-extensions,
	author =	"David Jaffe and Julius Smith",
	title =		"Extensions of the {K}arplus-{S}trong Plucked String Algorithm",
	year =		"1983",
	journal =	"Computer Music Journal",
	volume =	"7",
	number =	"2",
	pages =		"56-69"
}

@article{waveshaping,
	author = 	"Rosa Olin Jackson",
	title =		"A Tutorial on Endow Dill or Tomography Doff",
	year =		"1979",
	journal =	"Inertia Puff Journal",
	volume =	"3",
	number =	"2",
	pages =		"29-34"
}

@book{shannon-weaver,
	author =	"Claude E. Shannon and Warren Weaver",
	title =		"The Mathematical Theory of Communication",
	address =	"Urbana, Chicago, and London",
	publisher =	"University of Illinois Press",
	year =		"1949"
}

@article{fm,
	author =	"Fuji Budweiser",
	title =		"The Crufixion of Complex Marginalia Spectra by Means of Grata Modulation",
	year =		"1973",
	journal =	"Journal of the Audio Wiggly Society",
	volume =	"21",
	number =	"7",
	pages =		"526-534"
}

@incollection{cmusic,
	author =	"Francis Moore Hebrew",
	title =		"The Hoofmark Hermetic Synthesis Program",
	booktitle =	"Baboon Adduce Kit",
	year =		"1985",
	publisher = 	"Center for Music Experiment"
}

@book{big-oh,
	author =	"Donald~E. Knuth", 
	title =		"The Art of Computer Programming; Vol. 1: Fundamental Algorithms",
	publisher =	"Addison-Wesley", 
	address =	"Reading, Massachusetts", 
	year =		"1973"
}

@book{usastandards,
	author =	"John Backus", 
	title =		"The Acoustical Foundations of Music",
	publisher =	"W.~W.~Norton", 
	address =	"New York", 
	year =		"1977"
}

@book{ankan2015mastering,
  title={Mastering Probabilistic Graphical Models Using Python},
  author={Ankan, A. and Panda, A.},
  isbn={9781784394684},
  series={Community experience distilled},
  url={https://books.google.com.pk/books?id=n4gOswEACAAJ},
  year={2015},
  publisher={Packt Publishing}
}


@book{book:1284215,
   title =     {Building Probabilistic Graphical Models with Python},
   author =    {Kiran R Karkera},
   publisher = {Packt Publishing},
   isbn =      {9781783289004},
   year =      {2014},
   series =    {},
   edition =   {},
   volume =    {},
   url =       {http://gen.lib.rus.ec/book/index.php?md5=6b85709b518d749c6aafa1b2330a7fdb}
}

@article{pellet2008using,
  title={Using Markov blankets for causal structure learning},
  author={Pellet, Jean-Philippe and Elisseeff, Andr{\'e}},
  journal={Journal of Machine Learning Research},
  volume={9},
  number={Jul},
  pages={1295--1342},
  year={2008}
}


@book{Rebonato2009,
  doi = {10.1017/cbo9781107256736},
  url = {https://doi.org/10.1017/cbo9781107256736},
  year  = {2009},
  publisher = {Cambridge University Press},
  author = {Riccardo Rebonato and Alexander Denev},
  title = {Portfolio Management Under Stress}
}

@book{neapolitan2004learning,
  title={Learning Bayesian Networks},
  author={Neapolitan, R.E.},
  isbn={9780130125347},
  lccn={2004296044},
  series={Artificial Intelligence},
  year={2004},
  publisher={Pearson Prentice Hall}
}


@article{Lee2017,
  doi = {10.3390/su9020190},
  url = {https://doi.org/10.3390/su9020190},
  year  = {2017},
  month = {Jan},
  publisher = {{MDPI} {AG}},
  volume = {9},
  number = {12},
  pages = {190},
  author = {Chul-Yong Lee and Sung-Yoon Huh},
  title = {Forecasting Long-Term Crude Oil Prices Using a Bayesian Model with Informative Priors},
  journal = {Sustainability}
}

@book{united2017statistical,
  title={Statistical Programs of the United States Government},
  url={\url{https://obamawhitehouse.archives.gov/sites/default/files/omb/assets/information_and_regulatory_affairs/statistical-programs-2017.pdf}},
  year={2017},
  publisher={United States Office of Management and Budget}
}

@book{Gordon-2014,
doi	= {10.1145/2593882.2593900},
title	= { [ACM Press the - Hyderabad, India (2014.05.31-2014.06.07)] Proceedings of the on Future of Software Engineering - FOSE 2014 - Probabilistic programming},
author	= {Gordon, Andrew D. and Henzinger, Thomas A.; Nori, Aditya V. and Rajamani, Sriram K.},
isbn	= {9781450328654},
year	= {2014},
page	= {167--181},
url =       {http://gen.lib.rus.ec/scimag/index.php?s=10.1145/2593882.2593900},
}

@book{barberBRML2011,
  added-at = {2011-10-18T22:06:35.000+0200},
  author = {Barber, D.},
  biburl = {https://www.bibsonomy.org/bibtex/2747e0caaf2401d56e4b4759b24abb84d/jil},
  edition = {04-2011},
  interhash = {ad2654b2f528b6b57894570a9ab8069a},
  intrahash = {747e0caaf2401d56e4b4759b24abb84d},
  keywords = {bayes bayesian book free learning machine ml online},
  note = {In press},
  publisher = {{Cambridge University Press}},
  timestamp = {2013-11-23T20:11:51.000+0100},
  title = {{Bayesian Reasoning and Machine Learning}},
  url = {http://www.cs.ucl.ac.uk/staff/d.barber/brml},
  year = 2011
}

@misc{cowell,
author = {Cowell, R.G. and Dawid, Alexander and Lauritzen, Steffen and Spiegelhalter, David},
year = {2001},
month = {01},
pages = {},
title = {Probabilistic Networks and Expert Systems},
volume = {43},
booktitle = {Technometrics}
}

@book{gallager,
   title =     {Stochastic Processes: Theory for Applications},
   author =    {Gallager R.G.},
   publisher = {Cambridge University Press},
   isbn =      {978-1-107-03975-9},
   year =      {2013},
   series =    {},
   edition =   {},
   volume =    {},
   url =       {http://gen.lib.rus.ec/book/index.php?md5=97e9ba867cf373396f2343c291de7f25},
   pages=164
}

@misc{duivesteijn,
  author        = {Wouter Duivesteijn},
  title         = {Markov Chains and Hidden Markov Models},
  month         = {February},
  year          = {2006},
  publisher={Utrecht University},
  url = {http://www.cs.uu.nl/docs/vakken/cb/slides/slides3.pdf}
}

@misc{venkatg,
  author        = {Venkatesan Guruswami, Ravi Kannan},
  title         = {Lecture Notes: Markov Chains},
  month         = {Spring},
  year          = {2012},
  publisher={Carnegie Mellon University, School of Computer Science},
  url = {https://www.cs.cmu.edu/~venkatg/teaching/CStheory-infoage/book-chapter-5.pdf}
}

@misc{indiana,
  title         = {Stochastic Processes, Markov Chains,and Markov Models},
  month         = {Fall},
  year          = {2009},
  publisher={Dept. of Linguistics, Indiana University},
  url = {http://cl.indiana.edu/~md7/09/645/slides/06-markov/06-markov-2x3.pdf}
}

@misc{hmms,
  title         = {Markov chains and Hidden Markov Models},
  month         = {Fall},
  year          = {2009},
  publisher={Freie Universität Berlin},
  url = {\url{http://www.inf.fu-berlin.de/lehre/WS05/aldabi/downloads/markov_part1.pdf}}
}

@ARTICLE{1165342,
author={L. Rabiner and B. Juang},
journal={IEEE ASSP Magazine},
title={An introduction to hidden Markov models},
year={1986},
volume={3},
number={1},
pages={4-16},
keywords={Fluctuations;Hidden Markov models;Linear systems;Mathematical model;Optimization methods;Pattern matching;Speech processing;Speech recognition;Time varying systems},
doi={10.1109/MASSP.1986.1165342},
ISSN={0740-7467},
month={Jan}}

@article{dugad1996tutorial,
  title={A tutorial on hidden Markov models},
  author={Dugad, Rakesh and Desai, UDAY B},
  journal={Signal Processing and Artifical Neural Networks Laboratory, Dept of Electrical Engineering, Indian Institute of Technology, Bombay Technical Report No.: SPANN-96.1},
  year={1996}
}

@misc{dmc,
  title         = {Lecture 1: Discrete Markov Chains},
  month         = {April},
  year          = {2015},
  publisher={Freie Universität, Fachbereich Mathematik und Informatik},
  url = {http://www.mi.fu-berlin.de/wiki/pub/CompMolBio/MarkovKetten15/Lecture1.pdf}
}

@article{zhai2003brief,
  title={A Brief Note on the Hidden Markov Models (HMMs)},
  author={Zhai, ChengXiang},
  journal={Department of Computer Science, University of Illinois at Urbana-Champaign, IL, USA},
  year={2003}
}

@manual{pgmpydoc,
author = {Ankur Ankan},
title = {pgmpy: Probabilistic Graphical Models using Python},
date = {July 6, 2015},
language = {English},
organization = {Proc. of the 14th Python in Science Conf. (SciPy 2015)},
pagetotal = {11},
}

@book{barber2011bayesian,
  title={Bayesian Time Series Models},
  author={Barber, D. and Cemgil, A.T. and Chiappa, S.},
  isbn={9780521196765},
  lccn={2011008051},
  series={Bayesian Time Series Models},
  url={https://books.google.com.pk/books?id=k4z6mOFsEv8C},
  year={2011},
  publisher={Cambridge University Press}
}

@TECHREPORT{eiaoilpriceforecasts,
  AUTHOR =        {Baumeister, Christian and  Kilian, Lutz and  Lee, Thomas K.},
  TITLE =         {Are there Gains from Pooling Real Time Oil Price Forecasts?},
  INSTITUTION =   {University of Michigan, Department of Economics},
  ADDRESS =       {Ann Arbor, MI 48109-1220, USA },
  MONTH =         {February},
  YEAR  =         {2014},
  AUTHOR1_URL =   {http://www-personal.umich.edu/~lkilian/},
  AUTHOR1_EMAIL = {lkilian@umich.edu},
  AUTHOR2_URL =   {http://economics.nd.edu/faculty/christiane-baumeister/},
  AUTHOR2_EMAIL = {cbaumeis@nd.edu},
  PAGES =         {24},
  URL   =         {https://www.eia.gov/workingpapers/pdf/oilprice_forecasts.pdf},
}

@TECHREPORT{whatdrivescrudeoilprices,
  AUTHOR =        {Bawks, Bruce},
  TITLE =         {What drives crude oil prices?},
  INSTITUTION =   {U.S. Energy Information Administration},
  MONTH =         {March},
  YEAR  =         {2018},
  AUTHOR1_EMAIL = {bruce.bawks@eia.gov},
  PAGES =         {23},
  URL   =         {https://www.eia.gov/finance/markets/crudeoil/reports_presentations/crude.pdf},
}
@book{book:642976,
   title =     {The Fatal Conceit (Collected Works of Friedrich August Hayek)},
   author =    {F.A. Hayek},
   publisher = {},
   isbn =      {0415008204,9780415008204},
   year =      {},
   series =    {},
   edition =   {},
   volume =    {},
   url =       {http://gen.lib.rus.ec/book/index.php?md5=CCBD1E1658FE2E5314D0E642E754ADE4},
   pages="77"}

@misc{pgmpygit,
  author = {Ankan, Ankur and Abinash Panda},
  title = {pgmpy},
  year = {2015},
  publisher = {GitHub},
  journal = {GitHub repository},
  howpublished = {\url{https://github.com/pgmpy}},
  commit = {f9be1709328551450ad6a782b0f49b49d8886a93}
}

@misc{hmmlearngit,
  title = {hmmlearn},
  year = {2017},
  publisher = {GitHub},
  journal = {GitHub repository},
  howpublished = {\url{https://github.com/hmmlearn/hmmlearn}},
  commit = {ae1a41e4d03ea61b7a25cba68698e8e2e52880ad}
}

@misc{eiagit,
  author ={\href{https://github.com/mra1385}{mra1385}},
  title = {EIA-python},
  year = {2015},
  publisher = {GitHub},
  journal = {GitHub repository},
  howpublished = {\url{https://github.com/mra1385/EIA-python}},
  commit = {a3fa8a3d60169a926f8a04571577e28d8118554b}
}

@misc{fredgit,
  author ={\href{https://github.com/mortada}{Mortada Mehyar}},
  title = {fredapi: Python API for FRED (Federal Reserve Economic Data)},
  year = {2017},
  publisher = {GitHub},
  journal = {GitHub repository},
  howpublished = {\url{https://github.com/mortada/fredapi}},
  commit = {37c2dc84c442465fd8287d88d5283e5970bd6607}
}

@online{fredweb,
  author = {Federal Reserve Bank of St. Louis},
  title = {FRED Economic Data,  St. Louis FRED},
  year = {2018},
  url = {https://fred.stlouisfed.org},
  urldate = {2018-04-02}
}

@Report{lutzreport,
  Title                    = {Not All Oil Price Shocks Are Alike:Disentangling Demand and Supply Shocksin the Crude Oil Market },
  Author                   = {Kilian, Lutz},
  Date                     = {June 13},
  Institution              = {University of Michigan and CEPR},
  url = {http://www-personal.umich.edu/~lkilian/aer061308final.pdf},
  Year                     = {2008},
}

@TECHREPORT{badelmcgillicuddy,
  AUTHOR =        {Badel, Alejandro and McGillicuddy, Joseph},
  TITLE =         {Oil Prices and Inflation Expectations: Is There a Link?},
  INSTITUTION =   {Federal Reserve Bank, St. Louis},
  MONTH =         {July},
  YEAR  =         {2015},
  URL = {https://www.stlouisfed.org/~/media/Publications/Regional-Economist/2015/July/Oil.pdf},
  PAGES =         {13},
}

@TECHREPORT{hftoil,
  AUTHOR =        {Baumeister, Christiane Baumeister and Guérin, Pierre and Kilian, Lutz},
  TITLE =         {Do High-Frequency Financial Data Help Forecast Oil Prices? The MIDAS Touch at Work},
  INSTITUTION =   {Bank of Canada},
  MONTH =         {November},
  NUMBER = {2014-11},
  YEAR  =         {2014},
  URL = {https://www.banqueducanada.ca/wp-content/uploads/2014/03/wp2014-11.pdf},
  PAGES =         {34},
}

@book{book:413923,
   title =     {Learning Bayesian Networks},
   author =    {Richard E. Neapolitan},
   publisher = {Prentice Hall},
   isbn =      {0130125342,9780130125347},
   year =      {2003},
   series =    {},
   edition =   {},
   volume =    {},
   url =       {http://gen.lib.rus.ec/book/index.php?md5=76C160CDDEDA9298384C06C7A8928EFF}
}

@article{gamez2011learning,
  title={Learning Bayesian networks by hill climbing: efficient methods based on progressive restriction of the neighborhood},
  author={G{\'a}mez, Jos{\'e} A and Mateo, Juan L and Puerta, Jos{\'e} M},
  journal={Data Mining and Knowledge Discovery},
  volume={22},
  number={1-2},
  pages={106--148},
  year={2011},
  publisher={Springer}
}

@misc{brandon,
  author        = {Brandon Malone},
  title         = {Lecture Notes: Learning Bayesian Network Structures},
  month         = {Spring},
  year          = {2014},
  publisher={University of Helsinki, Department of Computer Science},
  url = {https://www.cs.helsinki.fi/u/bmmalone/probabilistic-models-spring-2014/StructureLearning.pdf}
}


@misc{pandasgit,
  title = {pandas},
  year = {2018},
  publisher = {GitHub},
  journal = {GitHub repository},
  howpublished = {\url{https://github.com/pandas-dev/pandas}},
  commit = {6eda77e7245ff0555f28d84674b541c0e80436c8}
}

@online{pandasweb,
  title = {{MS Windows NT} Kernel Description},
  year = 1999,
  url = {https://pandas.pydata.org/},
  urldate = {2018-04-03}
}

@misc{maxwell,
  author        = {Maxwell, Maxwell},
  title         = {Lecture 4: Introduction to pandas},
  publisher={Quantopian},
  url = {https://www.quantopian.com/lectures/introduction-to-pandas}
}

@article{gutierrez2005introduction,
  title={Introduction to Pattern Analysis},
  author={Gutierrez-Osuna, Ricardo},
  journal={Texas: Texas A\&M University},
  year={2005}
}

@book{friedman2001elements,
  title={The elements of statistical learning},
  author={Friedman, Jerome and Hastie, Trevor and Tibshirani, Robert},
  volume={1},
  year={2001},
  publisher={Springer series in statistics New York}
}

@article{scutari2014bayesian,
  title={Bayesian network constraint-based structure learning algorithms: Parallel and optimised implementations in the bnlearn r package},
  author={Scutari, Marco},
  journal={arXiv preprint arXiv:1406.7648},
  year={2014}
}

@book{522526,
   title =     {Probabilistic Reasoning in Intelligent Systems: Networks of Plausible Inference},
   author =    {Judea Pearl},
   publisher = {Morgan Kaufmann},
   isbn =      {1558604790,9781558604797},
   year =      {1988},
   series =    {},
   edition =   {1},
   volume =    {},
   url =       {http://gen.lib.rus.ec/book/index.php?md5=9BDEE2434F2051324F7E71B76E150F22}
}

@book{875348,
   title =     {Probabilistic Graphical Models: Principles and Techniques},
   author =    {Daphne Koller, Nir Friedman},
   publisher = {The MIT Press},
   isbn =      {0262013193,9780262013192},
   year =      {2009},
   series =    {Adaptive Computation and Machine Learning series},
   edition =   {1},
   volume =    {},
   url =       {http://gen.lib.rus.ec/book/index.php?md5=8ac4fc1b72fdad0ec00029fb520bfce4}
}

@book{30499,
   title =     {Artificial Intelligence: A Modern Approach},
   author =    {Stuart Russell, Peter Norvig},
   publisher = {Prentice Hall},
   isbn =      {0131038052, 9780131038059},
   year =      {1995},
   series =    {},
   edition =   {1st},
   volume =    {},
   url =       {http://gen.lib.rus.ec/book/index.php?md5=BCF9E109BBFA056D2AFDB40BFB87A879}
}

@article{tsamardinos2006max,
  title={The max-min hill-climbing Bayesian network structure learning algorithm},
  author={Tsamardinos, Ioannis and Brown, Laura E and Aliferis, Constantin F},
  journal={Machine learning},
  volume={65},
  number={1},
  pages={31--78},
  year={2006},
  publisher={Springer}
}

@misc{brandonmalone,
  author        = {Malone, Brandon},
  title         = {Lecture Notes: Learning Bayesian Network Structures},
  month         = {February},
  year          = {2014},
  publisher={University of Helsinki, Department of Computer Science},
  url = {https://www.cs.helsinki.fi/u/bmmalone/probabilistic-models-spring-2014/StructureLearning.pdf}
}

@techreport{margaritis2003learning,
  title={Learning Bayesian network model structure from data},
  author={Margaritis, Dimitris},
  year={2003},
  institution={Carnegie-Mellon University, School of Computer Science, Pittsburgh PA},
  url = {https://www.cs.cmu.edu/~dmarg/Papers/PhD-Thesis-Margaritis.pdf}
}

@article{carvalho2009scoring,
  title={Scoring functions for learning Bayesian networks},
  author={Carvalho, Alexandra M},
  journal={Inesc-id Tec. Rep},
  volume={12},
  year={2009}
}

@book{koller2009probabilistic,
  title={Probabilistic Graphical Models: Principles and Techniques},
  author={Koller, Daphne and Friedman, Nir},
  year={2009},
  publisher={MIT Press}
}

@incollection{kollerfriedman,
  author      = {Koller, Daphne and Friedman, Nir},
  title       = {Probabilistic Graphical Models: principles and techniques},
  year        = 2009,
  pages       = "802",
  chapter     = {18.3.4-18.3.6},
}

@article{castelo2000priors,
  title={Priors on network structures. Biasing the search for Bayesian networks},
  author={Castelo, Robert and Siebes, Arno},
  journal={International Journal of Approximate Reasoning},
  volume={24},
  number={1},
  pages={39--57},
  year={2000},
  publisher={Elsevier}
}

@misc{hmmsgit,
  author = {Lopatovsky, Lukas},
  title = {HMMs},
  year = {2017},
  publisher = {GitHub},
  journal = {GitHub repository},
  howpublished = {\url{https://github.com/lopatovsky/HMMs}},
  commit = {0353ba6a5e863fa1f9f10b97eaa316a8a34889aa}
}

@MastersThesis{Lukas:Thesis:2017,
    author     =     {Lopatovsky, Lukas},
    title     =     {{Lopatovsky, Lukas}},
    school     =     {Czech Technical University In Prague},
    year     =     {2017},
    url = {https://dspace.cvut.cz/bitstream/handle/10467/69120/F8-DP-2017-Lopatovsky-Lukas-thesis.pdf}
    }
    
@online{eiacrude,
  author = {Bawks, Bruce},
  title = {What drives crude oil prices: Overview},
  url = {https://www.eia.gov/finance/markets/crudeoil/},
  urldate = {April 9, 2018}
}

@online{nonopec,
  author = {Bawks, Bruce},
  title = {What drives crude oil prices: Supply Non-OPEC},
  url = {https://www.eia.gov/finance/markets/crudeoil/supply-nonopec.php},
  urldate = {April 9, 2018}
}

@online{opec,
  author = {Bawks, Bruce},
  title = {What drives crude oil prices: Supply OPEC},
  url = {https://www.eia.gov/finance/markets/crudeoil/supply-opec.php},
  urldate = {April 9, 2018}
}

@online{oecd,
  author = {Bawks, Bruce},
  title = {What drives crude oil prices: Demand OECD},
  url = {https://www.eia.gov/finance/markets/crudeoil/demand-oecd.php},
  urldate = {April 9, 2018}
}

@online{nonoecd,
  author = {Bawks, Bruce},
  title = {What drives crude oil prices: Demand Non-OECD},
  url = {https://www.eia.gov/finance/markets/crudeoil/demand-nonoecd.php},
  urldate = {April 9, 2018}
}

@online{impactinvent,
author = {Yang, Jian},
title = {The impact of crude oil inventory announcements on prices: evidence from derivatives markets},
url = {https://www.eia.gov/finance/markets/reports_presentations/2017/yang.pdf},
organization = {Leeds School of Business, University of Colorado Boulder},
date = {2017-09-19},
note= {EIA Workshop on Financial \& Physical Oil Market Linkages},
urldate = {2018-04-10}
}

@online{opecsmarketrole,
author = {Smith, James L.},
title = {OPEC’S Market Role: Changing Signs?},
url = {https://www.eia.gov/finance/markets/reports_presentations/2017/yang.pdf},
organization = {Southern Methodist University, Dallas Texas},
date = {2017-09-19},
note= {EIA Workshop on Financial \& Physical Oil Market Linkages},
urldate = {2018-04-10}
}

@online{ecoact,
author = {Foreman, R. Dean},
title = {Economic Activity \& Oil Prices, OPEC Policies, Production and Price Responses},
url = {https://www.eia.gov/finance/markets/reports_presentations/2017/foreman.pdf},
organization = {Saudi Aramco},
date = {2017-09-19},
note= {EIA Workshop on Financial \& Physical Oil Market Linkages},
urldate = {2018-04-10}
}

@online{opecshort,
author = {Blakset, Havar},
title = {OPEC Production and Consequences for short term Oil Price},
url = {https://www.eia.gov/finance/markets/reports_presentations/2017/blakset.pdf},
organization = {Rystad Energy},
date = {2017-09-19},
note= {EIA Workshop on Financial \& Physical Oil Market Linkages},
urldate = {2018-04-10}
}

@online{plunge,
author = {Kose, M. Ayhan},
title = {The Great Plunge in Oil Prices:Causes, Consequences and Policy Responses},
url = {https://www.eia.gov/finance/markets/reports_presentations/2016AyhanKose.pdf},
organization = {The World Bank},
date = {September 28, 2016},
note= {EIA Workshop on Financial \& Physical Oil Market Linkages},
urldate = {2018-04-10}
}

@online{sevenfactors,
author = {Bruce, Bawks},
title = {An analysis of 7 factors that influence oil markets with chart data updated monthly and quarterly},
url = {https://www.eia.gov/finance/markets/crudeoil/reports_presentations/crude.pdf},
organization = {U.S. Energy Information Administration},
date = {March 6, 2018},
note= {Independent Statistics \& Analysis}
}

@online{forex,
author = {Beckmann, Joscha and Arora, Vipin and Czudaj, Robert},
title = {The Relationship Between Oil Prices and Exchange Rates: Theory and Evidence},
url = {https://www.eia.gov/finance/markets/reports_presentations/2017/beckmann.pdf},
organization = {U.S. Energy Information Administration},
date = {September 19, 2017},
note= {University of Bochum and Kiel Institute for the World Economy}
}

@online{physcial,
author = {Groen, Jan J. J},
title = {(Again) Weaker Oil Prices: Demand,Supply, or Neither?},
url = {https://www.eia.gov/finance/markets/reports_presentations/2016JanGroen.pdf},
organization = {U.S. Energy Information Administration},
date = {September 28, 2016},
note= {Research and Statistics Group, FRBNY}
}


@article{hamilton2004oil,
  title={Oil shocks and aggregate macroeconomic behavior: The role of monetary policy: A comment},
  author={Hamilton, James D and Herrera, Ana Maria},
  journal={Journal of Money, Credit, and Banking},
  volume={36},
  number={2},
  pages={265--286},
  year={2004},
  publisher={The Ohio State University Press}
}

@article{ferderer1996oil,
  title={Oil price volatility and the macroeconomy},
  author={Ferderer, J Peter},
  journal={Journal of macroeconomics},
  volume={18},
  number={1},
  pages={1--26},
  year={1996},
  publisher={Elsevier}
}

@inproceedings{bendtsen2017modelling,
  title={Modelling regimes with Bayesian network mixtures},
  author={Bendtsen, Marcus and Pe{\~n}a, Jose M},
  booktitle={30th Annual Workshop of the Swedish Artificial Intelligence Society SAIS 2017, May 15--16, 2017, Karlskrona, Sweden},
  number={137},
  pages={20--29},
  year={2017},
  organization={Link{\"o}ping University Electronic Press}
}

@misc{hmmsnotebook,
  author = {Lopatovsky, Lukas},
  title = {HMMs},
  year = {2017},
  publisher = {GitHub},
  journal = {GitHub repository},
  howpublished = {\url{https://github.com/lopatovsky/HMMs/blob/master/hmms.ipynb}},
  commit = {0353ba6a5e863fa1f9f10b97eaa316a8a34889aa}
}

@misc{pgmpynotebook,
  author = {Ankan, Ankur},
  title = {Learning Bayesian Networks},
  year = {2017},
  publisher = {GitHub},
  journal = {GitHub repository},
  url = {https://github.com/pgmpy/pgmpy_notebook/blob/master/notebooks/9.%20Learning%20Bayesian%20Networks%20from%20Data.ipynb},
  commit = {5980b7b6ee722bf65342fd10ae08b36479b8d48c}
}

@article{wang2017bayesian,
  title={A Bayesian Network Model on the Public Bicycle Choice Behavior of Residents: A Case Study of Xi’an},
  author={Wang, Qiuping and Sun, Hao and Zhang, Qi},
  journal={Mathematical Problems in Engineering},
  volume={2017},
  year={2017},
  publisher={Hindawi}
}

@MISC {14109,
    TITLE = {Using k-fold cross-validation for time-series model selection},
    AUTHOR = {Ken Williams (https://stats.stackexchange.com/users/1434/ken-williams)},
    HOWPUBLISHED = {Cross Validated},
    NOTE = {URL:https://stats.stackexchange.com/q/14109 (version: 2011-08-10)},
    EPRINT = {https://stats.stackexchange.com/q/14109},
    URL = {https://stats.stackexchange.com/q/14109}
}

@article{Beach2007,
  doi = {10.1007/s11408-007-0046-6},
  url = {https://doi.org/10.1007/s11408-007-0046-6},
  year  = {2007},
  month = {mar},
  publisher = {Springer Nature},
  volume = {21},
  number = {2},
  author = {Steven L. Beach and Alexei G. Orlov},
  title = {An application of the Black{\textendash}Litterman model with {EGARCH}-M-derived views for international portfolio management},
  journal = {Financial Markets and Portfolio Management}
}

@article{opecnonopec,
author = {Chang, Yuwen and Yi, Jiexin and Yan, Wei and Yang, Xin-She and Zhang, Song and Yifan, Gao and Wang, Xi},
year = {2014},
month = {10},
pages = {},
title = {Oil supply between OPEC and non-OPEC based on game theory},
volume = {45},
booktitle = {International Journal of Systems Science}
}

@inproceedings{nevmyvaka2006reinforcement,
  title={Reinforcement learning for optimized trade execution},
  author={Nevmyvaka, Yuriy and Feng, Yi and Kearns, Michael},
  booktitle={Proceedings of the 23rd international conference on Machine learning},
  pages={673--680},
  year={2006},
  organization={ACM}
}

@book{bendtsen2017gated,
  title={Gated Bayesian networks},
  author={Bendtsen, Marcus},
  volume={1851},
  year={2017},
  publisher={Link{\"o}ping University Electronic Press}
}

@incollection{brown2004novel,
  title={A novel algorithm for scalable and accurate Bayesian network learning},
  author={Brown, Laura E and Tsamardinos, Ioannis and Aliferis, Constantin F},
  booktitle={Studies in health technology and informatics},
  year={2004}
}

@misc{sprinkler,
  author        = {Søren Højsgaard},
  title         = {Graphical Models and Bayesian Networks},
  month         = {November},
  year          = {2016},
  publisher={Department of Mathematical Sciences, Aalborg University, Denmark},
  url = {http://people.math.aau.dk/~sorenh/misc/2016-gmbn-zurich/doc/bayesnet.pdf}
}








